@online{GDAS,
	author = {Jasmine Enberg},
	title = {Digital Ad Spending
	2019},
	year = {2019},
	url = {https://www.emarketer.com/content/global-digital-ad-spending-2019}
}

@online{GDSW,
	author = {A. Guttmann},
	title = {Digital advertising spending worldwide 2018-2023},
	year = 2019,
	url = {https://www.statista.com/statistics/237974/online-advertising-spending-worldwide/}
}

@online{moodmeter,
	author = {annalect},
	title = {Superbowl 2016, Moodmeter},
	year = 2016,
	url = {https://analysis.annalect.com/superbowl_2016/}
}

@online{admeter,
	author = {USA today},
	title = {USA Today Admeter results 2016},
	year = {2016},
	url = {https://admeter.usatoday.com/results/2016}
}

@inproceedings{Chen2014FacialER,
	title={Facial Expression Recognition Based on Facial Components Detection and HOG Features},
	author={Junkai Chen and Zenghai Chen and Zheru Chi and Hong Fu},
	year={2014}
}

@article{Gaborwavelets,
	author = {Littlewort, Gwen and Frank, Mark and Lainscsek, Claudia and Fasel, Ian and Movellan, Javier},
	year = {2005},
	month = {06},
	pages = {568-573},
	title = {Recognizing Facial Expression: Machine Learning and Application to Spontaneous Behavior},
	volume = {2},
	isbn = {0-7695-2372-2},
	journal = {2012 IEEE Conference on Computer Vision and Pattern Recognition},
	doi = {10.1109/CVPR.2005.297}
}

@inproceedings{HaarFeature,
	author = {Whitehill, Jacob and Omlin, Christian},
	year = {2006},
	month = {01},
	pages = {97-101},
	title = {Haar features for FACS AU recognition},
	journal = {Proceedings of the International Conference on Automatic Face and Gesture Recognition},
	doi = {10.1109/FGR.2006.61}
}

@inproceedings{Khorrami,
	author = {Khorrami, Pooya and Paine, Tom and Huang, Thomas},
	year = {2015},
	month = {12},
	pages = {19-27},
	title = {Do Deep Neural Networks Learn Facial Action Units When Doing Expression Recognition?},
	doi = {10.1109/ICCVW.2015.12}
}

@inproceedings{Mollahosseini,
	author = {Mollahosseini, Ali and Chan, David and Mahoor, Mohammad},
	year = {2016},
	month = {03},
	pages = {1-10},
	title = {Going deeper in facial expression recognition using deep neural networks},
	doi = {10.1109/WACV.2016.7477450}
}

@article{BDBN,
	author = {Liu, Ping and Han, Shizhong and Meng, Zibo and Tong, Yan},
	year = {2014},
	month = {09},
	pages = {1805-1812},
	title = {Facial Expression Recognition via a Boosted Deep Belief Network},
	journal = {Proceedings of the IEEE Computer Society Conference on Computer Vision and Pattern Recognition},
	doi = {10.1109/CVPR.2014.233}
}

@article{IB-CNN,
	author = {Han, Shizhong and Meng, Zibo and Khan, Ahmed Shehab and Tong, Yan},
	year = {2017},
	month = {07},
	title = {Incremental Boosting Convolutional Neural Network for Facial Action Unit Recognition}
}

@article{Kapoor,
	author = {Kapoor, Ashish and Burleson, Winslow and Picard, Rosalind},
	year = {2007},
	month = {08},
	pages = {724-736},
	title = {Automatic prediction of frustration},
	volume = {65},
	journal = {International Journal of Human-Computer Studies},
	doi = {10.1016/j.ijhcs.2007.02.003}
}

@inproceedings{MultimodalEngagement,
	author = {Grafsgaard, Joseph and Wiggins, Joseph and Vail, Alexandria and Boyer, Kristy and Wiebe, Eric and Lester, James},
	year = {2014},
	month = {11},
	pages = {42-49},
	title = {The Additive Value of Multimodal Features for Predicting Engagement, Frustration, and Learning during Tutoring},
	doi = {10.1145/2663204.2663264}
}

@ARTICLE{6786307, 
	author={J. {Whitehill} and Z. {Serpell} and Y. {Lin} and A. {Foster} and J. R. {Movellan}}, 
	journal={IEEE Transactions on Affective Computing}, 
	title={The Faces of Engagement: Automatic Recognition of Student Engagementfrom Facial Expressions}, 
	year={2014}, 
	volume={5}, 
	number={1}, 
	pages={86-98},
	month={Jan}}

@article{Bosch,
	author = {Bosch, Nigel and D'Mello, Sidney and Baker, Ryan and Ocumpaugh, Jaclyn and Shute, Valerie and Ventura, Matthew and Wang, Lubin and Zhao, Weinan},
	year = {2015},
	month = {03},
	pages = {379-388},
	title = {Automatic Detection of Learning-Centered Affective States in the Wild},
	volume = {2015},
	journal = {International Conference on Intelligent User Interfaces, Proceedings IUI},
	doi = {10.1145/2678025.2701397}
}

@article{DBLP,
	author    = {Omid Mohamad Nezami and
	Len Hamey and
	Deborah Richards and
	Mark Dras},
	title     = {Deep Learning for Domain Adaption: Engagement Recognition},
	journal   = {CoRR},
	volume    = {abs/1808.02324},
	year      = {2018},
	url       = {http://arxiv.org/abs/1808.02324},
	archivePrefix = {arXiv},
	eprint    = {1808.02324},
	timestamp = {Sun, 02 Sep 2018 15:01:55 +0200},
	biburl    = {https://dblp.org/rec/bib/journals/corr/abs-1808-02324},
	bibsource = {dblp computer science bibliography, https://dblp.org}
}


@online{FER2013,
	author = {Kaggle},
	title = {Challenges in Representation Learning: Facial Expression Recognition Challenge},
	year = 2013,
	url = {https://www.kaggle.com/c/challenges-in-representation-learning-facial-expression-recognition-challenge/data}
}

@inproceedings{HaarCascade,
	author = {Viola, Paul and Jones, Michael},
	year = {2001},
	month = {02},
	pages = {I-511},
	title = {Rapid Object Detection using a Boosted Cascade of Simple Features},
	volume = {1},
	isbn = {0-7695-1272-0},
	journal = {IEEE Conf Comput Vis Pattern Recognit},
	doi = {10.1109/CVPR.2001.990517}
}

@inproceedings{Nezami2018AutomaticRO,
	title={Automatic Recognition of Student Engagement using Deep Learning and Facial Expression.},
	author={Omid Mohamad Nezami and Mark Dras and Len Hamey and Deborah Richards and Stephen Wan and C{\'e}cile Paris},
	year={2018}
}

@article{Simonyan2014VeryDC,
	title={Very Deep Convolutional Networks for Large-Scale Image Recognition},
	author={Karen Simonyan and Andrew Zisserman},
	journal={CoRR},
	year={2014},
	volume={abs/1409.1556}
}

@inproceedings{ImageEmoClassification,
	author = {Machajdik, Jana and Hanbury, Allan},
	year = {2010},
	month = {10},
	pages = {83-92},
	title = {Affective image classification using features inspired by psychology and art theory},
	doi = {10.1145/1873951.1873965}
}

@online{ImageEmoDataset,
	author = {Machajdik, Jana and Hanbury, Allan},
	title = {Affective Image Classification Using Features inspired by Psychology and Art Theory, Dataset},
	year = 2010,
	url = {https://www.imageemotion.org/}
}

@article{IAPS,
	author = {P. Lang, M. Bradley, B. Cuthbert},
	title = {International affective picture system (IAPS): Affective ratings of pictures and instruction manual},
	year = {2008}
}